<record><leader>00000cas a2200000 a 4500</leader><controlfield tag="001">69657086</controlfield><controlfield tag="006">m     o  d        </controlfield><controlfield tag="007">cr bnu||||||||</controlfield><controlfield tag="008">060531d18421862mauwr nso     0    0eng c</controlfield><datafield ind1=" " ind2=" " tag="010"><subfield code="a">  2006255220</subfield></datafield><datafield ind1=" " ind2=" " tag="040"><subfield code="a">ZCU</subfield><subfield code="b">eng</subfield><subfield code="c">ZCU</subfield><subfield code="d">OCLCQ</subfield><subfield code="d">OCLCF</subfield><subfield code="d">OCLCO</subfield></datafield><datafield ind1=" " ind2=" " tag="019"><subfield code="a">71278360</subfield></datafield><datafield ind1="1" ind2=" " tag="029"><subfield code="a">AU@</subfield><subfield code="b">000040339892</subfield></datafield><datafield ind1=" " ind2=" " tag="042"><subfield code="a">pcc</subfield></datafield><datafield ind1=" " ind2=" " tag="043"><subfield code="a">n-us-ma</subfield></datafield><datafield ind1="1" ind2="4" tag="050"><subfield code="a">BX9901</subfield></datafield><datafield ind1="0" ind2=" " tag="130"><subfield code="a">Trumpet and Universalist magazine (Boston, Mass. : 1842 : Online)</subfield></datafield><datafield ind1="1" ind2="4" tag="245"><subfield code="a">The Trumpet and Universalist magazine</subfield><subfield code="h">[electronic resource].</subfield></datafield><datafield ind1="1" ind2="3" tag="246"><subfield code="a">Trumpet and magazine</subfield></datafield><datafield ind1="3" ind2="0" tag="246"><subfield code="a">Universalist magazine</subfield></datafield><datafield ind1=" " ind2=" " tag="260"><subfield code="a">Boston :</subfield><subfield code="b">[s.n.]</subfield></datafield><datafield ind1=" " ind2=" " tag="310"><subfield code="a">Weekly</subfield></datafield><datafield ind1="0" ind2=" " tag="362"><subfield code="a">Vol. 15, no. 1 (June 25, 1842)- = Old ser. v. 24- = Whole no. 1197-</subfield></datafield><datafield ind1="1" ind2=" " tag="362"><subfield code="a">Print ceased with Apr. 18, 1862?</subfield></datafield><datafield ind1=" " ind2=" " tag="500"><subfield code="a">Universalist newspapers.</subfield></datafield><datafield ind1=" " ind2=" " tag="500"><subfield code="a">Title from PDF caption (Proquest, viewed May 30, 2006).</subfield></datafield><datafield ind1=" " ind2=" " tag="515"><subfield code="a">Vols. for June 25, 1842-June 13, 1846 called v. 15-18, old ser. v. 24-27, and whole no. 1197-1404; for June 20, 1846-&lt;May 25, 1861&gt; called v. 19-&lt;33&gt;.</subfield></datafield><datafield ind1=" " ind2=" " tag="530"><subfield code="a">Also issued in print and microform.</subfield></datafield><datafield ind1=" " ind2=" " tag="538"><subfield code="a">Mode of access: World Wide Web.</subfield></datafield><datafield ind1=" " ind2=" " tag="580"><subfield code="a">The print version of this title absorbed Universalist (Middletown, Conn.) and Nazarene and Universalist family companion in 1844; was merged with: Christian freeman and family visiter, to form: Trumpet and Christian freeman.</subfield></datafield><datafield ind1=" " ind2=" " tag="588"><subfield code="a">Latest issue consulted: Vol. 23, no. 52 (June 7, 1851) (viewed May 30, 2006).</subfield></datafield><datafield ind1=" " ind2="0" tag="650"><subfield code="a">Universalists</subfield><subfield code="v">Newspapers.</subfield></datafield><datafield ind1=" " ind2="0" tag="651"><subfield code="a">Boston (Mass.)</subfield><subfield code="v">Newspapers.</subfield></datafield><datafield ind1=" " ind2="7" tag="655"><subfield code="a">Newspapers.</subfield><subfield code="2">fast</subfield><subfield code="0">(OCoLC)fst01423814</subfield></datafield><datafield ind1=" " ind2="7" tag="650"><subfield code="a">Universalists.</subfield><subfield code="2">fast</subfield><subfield code="0">(OCoLC)fst01161587</subfield></datafield><datafield ind1=" " ind2="7" tag="651"><subfield code="a">Massachusetts</subfield><subfield code="z">Boston.</subfield><subfield code="2">fast</subfield><subfield code="0">(OCoLC)fst01205012</subfield></datafield><datafield ind1=" " ind2=" " tag="752"><subfield code="a">United States</subfield><subfield code="b">Massachusetts</subfield><subfield code="c">Suffolk</subfield><subfield code="d">Boston.</subfield></datafield><datafield ind1="1" ind2=" " tag="776"><subfield code="t">Trumpet and Universalist magazine (Boston, Mass. : 1842)</subfield><subfield code="w">(DLC)sn 91063951</subfield><subfield code="w">(OCoLC)7711930</subfield></datafield><datafield ind1="0" ind2="0" tag="780"><subfield code="t">Trumpet and Universalist magazine and star of Bethlehem (Online)</subfield><subfield code="w">(DLC)  2006255219</subfield><subfield code="w">(OCoLC)69657083</subfield></datafield><datafield ind1="1" ind2="5" tag="780"><subfield code="t">Universalist (Middletown, Conn.)</subfield><subfield code="g">Jan. 6, 1844</subfield></datafield><datafield ind1="1" ind2="5" tag="780"><subfield code="t">Nazarene and Universalist family companion</subfield><subfield code="g">Jan. 1844</subfield></datafield><datafield ind1="1" ind2="7" tag="785"><subfield code="t">Christian freeman and family visiter</subfield></datafield><datafield ind1="1" ind2="7" tag="785"><subfield code="t">Trumpet and Christian freeman</subfield></datafield><datafield ind1="4" ind2="0" tag="856"><subfield code="u">http://proquest.umi.com/pqdweb?RQT=318&amp;VName=HNP&amp;pmid=42260</subfield></datafield></record>